%% This BibTeX bibliography file was created using BibDesk.
%% http://bibdesk.sourceforge.net/

%% FOR USAGE REFERENCE ONLY %%%%%%%%%%%%%%%%%%%%%%%%%%%%%%%%%%%%%%%%%%%%%%%%%%%%%%%%%%%%%%

@inproceedings{Hou2013,
	Author = {X. Hou and A. Yuille and C. Koch},
	Booktitle = {2013 IEEE Conference on Computer Vision and Pattern Recognition},
	Date-Added = {2018-06-26 01:20:18 +0000},
	Date-Modified = {2018-06-26 01:20:29 +0000},
	Doi = {10.1109/CVPR.2013.276},
	Issn = {1063-6919},
	Month = {June},
	Pages = {2123-2130},
	Title = {Boundary Detection Benchmarking: Beyond F-Measures},
	Year = {2013},
	Bdsk-Url-1 = {https://doi.org/10.1109/CVPR.2013.276}
}

@article{randForest2001,
	Acmid = {570182},
	Address = {Hingham, MA, USA},
	Author = {Breiman, Leo},
	Date-Added = {2018-06-18 15:01:00 +0000},
	Date-Modified = {2018-06-18 15:54:45 +0000},
	Issn = {0885-6125},
	Issue_Date = {October 1 2001},
	Journal = {Machine Learning},
	Month = oct,
	Number = {1},
	Numpages = {28},
	Pages = {5--32},
	Publisher = {Kluwer Academic Publishers},
	Title = {Random Forests},
	Volume = {45},
	Year = {2001},
	Bdsk-Url-1 = {https://doi.org/10.1023/A:1010933404324}
}


@misc{Few2008,
	Author = {Stephen Few},
	Comment = {Perceptual Edge Visual Business Intelligence Newsletter},
	File = {Few2008.pdf:Few2008.pdf:PDF},
	Howpublished = {\url{http://www.perceptualedge.com/articles/visual_business_intelligence/rules_for_using_color.pdf}},
	Month = {Feb},
	Owner = {angela},
	Timestamp = {2017.06.30},
	Title = {Practical Rules for Using Color in Charts},
	Year = {2008}}


@phdthesis{Hartog1995,
	Author = {Jurgen Edwin Den Hartog},
	File = {Hartog1995.pdf:Maps/Hartog1995.pdf:PDF},
	Owner = {angela},
	Review = {tesis que analiza los mismo que nosotros, pero se enfoca en mapas topograficos},
	School = {Technische Universiteit Delft},
	Timestamp = {2017.10.23},
	Title = {A framework for knowledge-based map interpretation},
	Type = {phdthesis},
	Year = {1995}
}

@inbook{Siegel2016,
	Address = {Cham},
	Author = {Siegel, Noah and Horvitz, Zachary and Levin, Roie and Divvala, Santosh and Farhadi, Ali},
	Booktitle = {Computer Vision -- ECCV 2016: 14th European Conference, Amsterdam, The Netherlands, October 11--14, 2016, Proceedings, Part VII},
	Date-Modified = {2018-04-30 17:19:49 +0000},
	Editor = {Leibe, Bastian and Matas, Jiri and Sebe, Nicu and Welling, Max},
	File = {Siegel2016.pdf:otros\\Siegel2016.pdf:PDF},
	Isbn = {978-3-319-46478-7},
	Pages = {664--680},
	Publisher = {Springer International Publishing},
	Timestamp = {2017.06.30},
	Title = {{FigureSeer}: Parsing Result-Figures in Research Papers},
	Year = {2016},
	Bdsk-Url-1 = {https://doi.org/10.1007/978-3-319-46478-7_41}}

@techreport{Snyder1989,
	Author = {John P. Snyder and Philip M. Voxland},
	File = {Snyder1989.pdf:Snyder1989.pdf:PDF},
	Groups = {map_projections},
	Institution = {U.S. Geological Survey},
	Number = {1453},
	Owner = {angela},
	Timestamp = {2017.09.08},
	Title = {An Album of Map Projections},
	Type = {Professional Paper},
	Year = {1989}}


@incollection{Voser2003,
	__Markedentry = {[angela:1]},
	Author = {Stefan A. Voser},
	Booktitle = {Map projections for Europe},
	Editor = {Annoni, Alessandro and Luzet, Claude and Gubler, Erich and Johannes Ihde},
	File = {Annoni2003.pdf:otros/Annoni2003.pdf:PDF},
	Groups = {map_projections},
	Institution = {Institute for Environment and Sustainability},
	Month = {mar},
	Organization = {EuroGeographics},
	Owner = {angela},
	Pages = {29--34},
	Publisher = {European Communities},
	Timestamp = {2017.07.11},
	Title = {Map Projections for the Layman},
	Year = {2003}}

@book{Munzner2014,
  title     = {Visualization Analysis \& Design},
  publisher = {CRC Press},
  year      = {2014},
  author    = {Tamara Munzner},
  editor    = {Tamara Munzner},
  series    = {K PETERS VISUALIZATION},
  isbn      = {978-1-4665-0893-4},
  timestamp = {2018.07.04},
}

@Unpublished{Mayhua2018,
  author    = {Angela Mayhua and Erick GÃ³mez and Jeffrey Heer and Jorge Poco},
  title     = {Extracting Visual Encodings from Map Chart Images with Color-encoded Scalar Values},
  month     = aug,
  year      = {2018},
  timestamp = {2018.08.05},
}

@Misc{Bostock2017,
  author       = {Mike Bostock},
  title        = {d3-geo-projection library},
  howpublished = {\url{https://github.com/d3/d3-geo-projection}},
  month        = apr,
  year         = {2017},
  timestamp    = {2018.08.08},
}

%%%%%%%%%%%%%%%%%%%%%%%%%%%%%%%%%%%%%%%%%%%%%%%%%%%%%%%%%%%%%%%%%%%%%%%%%%%%%%%%%%%%%%%%%%

@article{Widrow64,
	Author = {Widrow, B.},
	Issue_Date = {September 1964},
	Journal = {IEEE Transactions on Applications and Industry},
	Month = Sept,
	Publisher = {IEEE},
	Title = {Pattern Recognition and Adaptive Control},
	Year = {1964}
}

@misc{Box2D,
	author		= {Catto, Erin},
	title		= {Box2D: A 2D physics engine for games},
	year 		= {2011}
}

@inproceedings{Bullet,
	author 		= {Coumans, Erwin},
	title 		= {Bullet Physics Simulation},
	booktitle 	= {ACM SIGGRAPH 2015 Courses},
	series 		= {SIGGRAPH '15},
	year 		= {2015},
	isbn 		= {978-1-4503-3634-5},
	location 	= {Los Angeles, California},
	articleno 	= {7},
	url 		= {http://doi.acm.org/10.1145/2776880.2792704},
	doi 		= {10.1145/2776880.2792704},
	acmid 		= {2792704},
	publisher 	= {ACM},
	address 	= {New York, NY, USA},
} 

@inproceedings{DART,
	author 	= {Jeongseok Lee and Michael X. Grey and Sehoon Ha and Tobias Kunz and Sumit Jain and Yuting Ye and Siddhartha S. Srinivasa and Mike Stilman and C. Karen Liu},
	title 	= {DART: Dynamic Animation and Robotics Toolkit},
	year 	= {2018},
	doi 	= {10.21105/joss.00500},
	url 	= {https://doi.org/10.21105/joss.00500},
	publisher = {Journal of Open Source Software}
}

@article{MuJoCo,
	author 		= {Emanuel Todorov and Tom Erez and Yuval Tassa},
	title  		= {Mujoco: A physics engine for model-based control},
	year 		= {2012},
	publisher 	= {IEEE},
	series 		= {IROS},
}

@misc{Controlsuite,
	author 		= {Yuval Tassa and Yotam Doron and Alistair Muldal and Tom Erez and Yazhe Li and Diego de Las Casas and David Budden and Abbas Abdolmaleki and Josh Merel and Andrew Lefrancq and Timothy Lillicrap and Martin Riedmiller},
	title 		= {DeepMind Control Suite},
	month 	 	= {january},
	year 		= {2018},
	url 		= {https://github.com/deepmind/dm_control},
	publisher 	= {ArXiv}
}

@misc{OpenAIgym,
	author		= {Greg Brockman and Vicki Cheung and Ludwig Pettersson and Jonas Schneider and John Schulman and Jie Tang and Wojciech Zaremba},
	title		= {OpenAI Gym},
	month		= {june},
	year 		= {2016},
	timestamp 	= {2016.06.05}
}

@inproceedings{rllab,
	author		= {Yan Duan and Xi Chen and Rein Houthooft and John Schulman and Pieter Abbeel},
	title		= {Benchmarking Deep Reinforcement Learning for Continuous Control},
	month		= {april},
	year 		= {2016},
	timestamp 	= {2016.04.22},
	publisher   = {ICML},
}

@misc{roboschool,
	author		= {OpenAI},
	title 		= {RoboSchool},
	url			= {https://github.com/openai/roboschool},
	year 		= {2017}
}

@misc{garage,
	author		= {RLworkgroup},
	title		= {garage. https://github.com/openai/roboschool},
	url			= {https://github.com/openai/roboschool}
}

@misc{unity-ml-agents,
	author 		= {Arthur Juliani and Vincent-Pierre Berges and Esh Vckay and Yuan Gao and Hunter Henry and Marwan Mattar and Danny Lange},
	title 		= {Unity: A General Platform for Intelligent Agents},
	publisher 	= {ArXiv},
	month 		= {September},
	year 		= {2018},
	url 		= {https://github.com/Unity-Technologies/ml-agents}
}

@misc{unity,
	author 	= {Unity3d},
	title 	= {Unity3d. https://unity3d.com/},
	url 	= {https://unity3d.com/}
}

@misc{physX,
	author 	= {PhysX},
	title 	= {PhysX. https://developer.nvidia.com/physx-sdk},
	url 	= {https://developer.nvidia.com/physx-sdk}
}

@article{emergence-of-locomotion,
	author 		= {Nicolas Heess and Dhruva TB and Srinivasan Sriram and Jay Lemmon and Josh Merel and Greg Wayne and Yuval Tassa and Tom Erez and Ziyu Wang and S. M. Ali Eslami and Martin Riedmiller and David Silver},
	title 		= {Emergence of Locomotion Behaviours in Rich Environments},
	month 		= {July},
	year 		= {2017},
	publisher 	= {ArXiv},
	url 		= {https://arxiv.org/abs/1707.02286}
}

@article{deepterrainrl,
	title	= {Terrain-Adaptive Locomotion Skills Using Deep Reinforcement Learning},
	author	= {Xue Bin Peng and Glen Berseth and Michiel van de Panne},
	journal = {ACM Transactions on Graphics (Proc. SIGGRAPH 2016)},
	volume 	= 35,
	number 	= 4,
	article = 81,
	year	= {2016}
}

@article{dexterity-openai,
	title 	= {Learning Dexterous In-Hand Manipulation},
	author 	= {OpenAI: Marcin Andrychowicz and Bowen Baker and Maciek Chociej and Rafal Jozefowicz and Bob McGrew and Jakub Pachocki and Arthur Petron and Matthias Plappert and Glenn Powell and Alex Ray and Jonas Schneider and Szymon Sidor and Josh Tobin and Peter Welinder and Lilian Weng and Wojciech Zaremba},
	month 	= {August},
	year 	= {2018},
	publisher = {ArXiv}
}

@article{simtoreal-quadruped,
	title 		= {Sim-to-Real: Learning Agile Locomotion For Quadruped Robots},
	author 		= {Jie Tan and Tingnan Zhang amd Erwin Coumans and Atil Iscen and Yunfei Bai and Danijar Hafner and Steven Bohez and and Vincent Vanhoucke},
	month 		= {May},
	year 		= {2018},
	publisher 	= {RSS},
	url 		= {https://arxiv.org/pdf/1804.10332.pdf}
}

[download] 